@online{mao,
    title={Introduction to Variational Inference},
    author={Lei Mao},
    url={https://leimao.github.io/article/Introduction-to-Variational-Inference/},
    year={2019},
    month={May}
}

@online{zuo,
    author={Zhiya Zuo},
    title={Variational Inference},
    url={https://zhiyzuo.github.io/VI/},
    year={2018},
    month={February}
}

@article{blei,
   title={Variational Inference: A Review for Statisticians},
   volume={112},
   ISSN={1537-274X},
   url={http://dx.doi.org/10.1080/01621459.2017.1285773},
   DOI={10.1080/01621459.2017.1285773},
   number={518},
   journal={Journal of the American Statistical Association},
   publisher={Informa UK Limited},
   author={Blei, David M. and Kucukelbir, Alp and McAuliffe, Jon D.},
   year={2017},
   month={Apr},
   pages={859–877}
}

@misc{rush,
      title={On the Robustness to Misspecification of $\alpha$-Posteriors and Their Variational Approximations}, 
      author={Marco Avella Medina and José Luis Montiel Olea and Cynthia Rush and Amilcar Velez},
      year={2021},
      eprint={2104.08324},
      archivePrefix={arXiv},
      primaryClass={stat.ML}
}